@unpublished{zethpaper,
    author = {Rondelet, Antoine and Zajac, Michal},
    title = {{ZETH: On Integrating Zerocash on Ethereum}},
    howpublished = "\url{https://arxiv.org/pdf/1904.00905.pdf}",
    year = {2019},
    organization = {Arxiv},
    note = "[Online; released April-2019]"
}

@misc{zeth-protocol,
    author = {Clearmatics},
    title = {{Zeth Protocol Specification}},
    year = {2020}
}

@misc{danrobinson-dark-forest,
    author = {Dan Robinson and Georgios Konstantopoulos},
    title = {Ethereum is a Dark Forest},
    howpublished = {\url{https://medium.com/@danrobinson/ethereum-is-a-dark-forest-ecc5f0505dff}},
    year = 2020
}

@misc{surrogeth-blogpost,
    author = {lsankar4033},
    title = {Surrogeth: Tricking frontrunners into being transaction relayers},
    howpublished = "\url{https://ethresear.ch/t/surrogeth-tricking-frontrunners-into-being-transaction-relayers/6937}",
    year = {2020}
}

@misc{daian2019flash,
    title={Flash Boys 2.0: Frontrunning, Transaction Reordering, and Consensus Instability in Decentralized Exchanges},
    author={Philip Daian and Steven Goldfeder and Tyler Kell and Yunqi Li and Xueyuan Zhao and Iddo Bentov and Lorenz Breidenbach and Ari Juels},
    year={2019},
    eprint={1904.05234},
    archivePrefix={arXiv},
    primaryClass={cs.CR}
}

@techreport{rfc2119,
    author = "S. Bradner",
    title = {Key words for use in RFCs to Indicate Requirement Levels},
    howpublished = {Internet Requests for Comments},
    type = {RFC},
    number = 2119,
    year = {1997},
    month = {March},
    publisher = {RFC Editor},
    institution = {RFC Editor},
    url = {https://tools.ietf.org/html/rfc2119}
}

@misc{ethyellowpaper,
    author = {Dr Gavin Wood},
    title = {{ETHEREUM:  A Secure Decentralised Generalised Transaction Ledger Byz     antium}},
    howpublished = "\url{https://ethereum.github.io/yellowpaper/paper.pdf}",
    year = {2019},
    note = "[VERSION 7e819ec - 2019-10-20]"
}

@inproceedings{DBLP:conf/uss/PiotrowskaHEMD17,
    author = {Ania M. Piotrowska and
                Jamie Hayes and
                Tariq Elahi and
                Sebastian Meiser and
                George Danezis},
    editor = {Engin Kirda and Thomas Ristenpart},
    title = {The Loopix Anonymity System},
    booktitle = {26th {USENIX} Security Symposium, {USENIX} Security 2017,  Vancouver, BC, Canada, August 16-18, 2017},
    pages = {1199--1216},
    publisher = {{USENIX} Association},
    year = {2017},
    url = {https://www.usenix.org/conference/usenixsecurity17technical-sessions/presentation/piotrowska},
    timestamp = {Thu, 19 Oct 2017 15:11:30 +0200},
    biburl = {https://dblp.org/rec/conf/uss/PiotrowskaHEMD17.bib},
    bibsource = {dblp computer science bibliography, https://dblp.org}
}

@article{DBLP:journals/corr/abs-2008-05958,
  author    = {Antoine Rondelet},
  title     = {Zecale: Reconciling Privacy and Scalability on Ethereum},
  journal   = {CoRR},
  volume    = {abs/2008.05958},
  year      = {2020},
  url       = {https://arxiv.org/abs/2008.05958},
  archivePrefix = {arXiv},
  eprint    = {2008.05958},
  timestamp = {Mon, 17 Aug 2020 15:17:00 +0200},
  biburl    = {https://dblp.org/rec/journals/corr/abs-2008-05958.bib},
  bibsource = {dblp computer science bibliography, https://dblp.org}
}

@inproceedings{DBLP:conf/eurocrypt/Groth16,
  author    = {Jens Groth},
  editor    = {Marc Fischlin and
               Jean{-}S{\'{e}}bastien Coron},
  title     = {On the Size of Pairing-Based Non-interactive Arguments},
  booktitle = {Advances in Cryptology - {EUROCRYPT} 2016 - 35th Annual International
               Conference on the Theory and Applications of Cryptographic Techniques,
               Vienna, Austria, May 8-12, 2016, Proceedings, Part {II}},
  series    = {Lecture Notes in Computer Science},
  volume    = {9666},
  pages     = {305--326},
  publisher = {Springer},
  year      = {2016},
  url       = {https://doi.org/10.1007/978-3-662-49896-5\_11},
  doi       = {10.1007/978-3-662-49896-5\_11},
  timestamp = {Tue, 14 May 2019 10:00:53 +0200},
  biburl    = {https://dblp.org/rec/conf/eurocrypt/Groth16.bib},
  bibsource = {dblp computer science bibliography, https://dblp.org}
}

@misc{eip-1559-analysis,
    author = {Tim Roughgarden},
    title = {{T}ransaction {F}ee {M}echanism {D}esign for the {E}thereum {B}lockchain: {A}n {E}conomic {A}nalysis of {EIP-1559}},
    howpublished = {\url{https://timroughgarden.org/papers/eip1559.pdf}},
    year = {2020}
}

@misc{eip-1559,
    author = {Vitalik Buterin and
        Eric Conner and
        Rick Dudley and
        Matthew Slipper and
        Ian Norden and
        Abdelhamid Bakhta},
    title = {Fee market change for ETH 1.0 chain},
    howpublished = {\url{https://github.com/ethereum/EIPs/blob/master/EIPS/eip-1559.md}},
    year = {2019}
}

@article{DBLP:journals/pomacs/FantiVBDBMV18,
    author    = {Giulia C. Fanti and
        Shaileshh Bojja Venkatakrishnan and
        Surya Bakshi and
        Bradley Denby and
        Shruti Bhargava and
        Andrew Miller and
        Pramod Viswanath},
    title     = {Dandelion++: Lightweight Cryptocurrency Networking with Formal
        Anonymity Guarantees},
    journal   = {Proc. {ACM} Meas. Anal. Comput. Syst.},
    volume    = {2},
    number    = {2},
    pages     = {29:1--29:35},
    year      = {2018},
    url       = {https://doi.org/10.1145/3224424},
    doi       = {10.1145/3224424},
    timestamp = {Thu, 09 Jul 2020 22:58:53 +0200},
    biburl    = {https://dblp.org/rec/journals/pomacs/FantiVBDBMV18.bib},
    bibsource = {dblp computer science bibliography, https://dblp.org}
}

@article{DBLP:journals/pomacs/Venkatakrishnan17,
    author    = {Shaileshh Bojja Venkatakrishnan and
        Giulia C. Fanti and
        Pramod Viswanath},
    title     = {Dandelion: Redesigning the Bitcoin Network for Anonymity},
    journal   = {Proc. {ACM} Meas. Anal. Comput. Syst.},
    volume    = {1},
    number    = {1},
    pages     = {22:1--22:34},
    year      = {2017},
    url       = {https://doi.org/10.1145/3084459},
    doi       = {10.1145/3084459},
    timestamp = {Thu, 09 Jul 2020 22:58:52 +0200},
    biburl    = {https://dblp.org/rec/journals/pomacs/Venkatakrishnan17.bib},
    bibsource = {dblp computer science bibliography, https://dblp.org}
}

@inproceedings{DBLP:conf/crypto/DworkN92,
    author    = {Cynthia Dwork and Moni Naor},
    editor    = {Ernest F. Brickell},
    title     = {Pricing via Processing or Combatting Junk Mail},
    booktitle = {Advances in Cryptology - {CRYPTO} '92, 12th Annual International
        Cryptology Conference, Santa Barbara, California, USA, August 16-20, 1992, Proceedings},
    series    = {Lecture Notes in Computer Science},
    volume    = {740},
    pages     = {139--147},
    publisher = {Springer},
    year      = {1992},
    url       = {https://doi.org/10.1007/3-540-48071-4\_10},
    doi       = {10.1007/3-540-48071-4\_10},
    timestamp = {Tue, 14 May 2019 10:00:48 +0200},
    biburl    = {https://dblp.org/rec/conf/crypto/DworkN92.bib},
    bibsource = {dblp computer science bibliography, https://dblp.org}
}

@inproceedings{Jakobsson1999ProofsOW,
    title={Proofs of Work and Bread Pudding Protocols},
    author={M. Jakobsson and A. Juels},
    booktitle={Communications and Multimedia Security},
    year={1999}
}

@inproceedings{DBLP:conf/pet/DiazMT10,
  author    = {Claudia D{\'{\i}}az and
            Steven J. Murdoch and
            Carmela Troncoso},
  editor    = {Mikhail J. Atallah and Nicholas J. Hopper},
  title     = {Impact of Network Topology on Anonymity and Overhead in Low-Latency
                 Anonymity Networks},
  booktitle = {Privacy Enhancing Technologies, 10th International Symposium, {PETS}
                 2010, Berlin, Germany, July 21-23, 2010. Proceedings},
  series    = {Lecture Notes in Computer Science},
  volume    = {6205},
  pages     = {184--201},
  publisher = {Springer},
  year      = {2010},
  url       = {https://doi.org/10.1007/978-3-642-14527-8\_11},
  doi       = {10.1007/978-3-642-14527-8\_11},
  timestamp = {Tue, 14 May 2019 10:00:38 +0200},
  biburl    = {https://dblp.org/rec/conf/pet/DiazMT10.bib},
  bibsource = {dblp computer science bibliography, https://dblp.org}
}

@inproceedings{DBLP:conf/fc/KoshyKM14,
    author    = {Philip Koshy and
        Diana Koshy and
            Patrick D. McDaniel},
    editor    = {Nicolas Christin and
        Reihaneh Safavi{-}Naini},
    title     = {An Analysis of Anonymity in Bitcoin Using {P2P} Network Traffic},
    booktitle = {Financial Cryptography and Data Security - 18th International Conference,
        {FC} 2014, Christ Church, Barbados, March 3-7, 2014, Revised Selected
        Papers},
    series    = {Lecture Notes in Computer Science},
    volume    = {8437},
    pages     = {469--485},
    publisher = {Springer},
    year      = {2014},
    url       = {https://doi.org/10.1007/978-3-662-45472-5\_30},
    doi       = {10.1007/978-3-662-45472-5\_30},
    timestamp = {Tue, 14 May 2019 10:00:38 +0200},
    biburl    = {https://dblp.org/rec/conf/fc/KoshyKM14.bib},
    bibsource = {dblp computer science bibliography, https://dblp.org}
}

@inproceedings{DBLP:conf/sp/BiryukovP15,
    author    = {Alex Biryukov and
        Ivan Pustogarov},
    title     = {Bitcoin over Tor isn't a Good Idea},
    booktitle = {2015 {IEEE} Symposium on Security and Privacy, {SP} 2015, San Jose,
        CA, USA, May 17-21, 2015},
    pages     = {122--134},
    publisher = {{IEEE} Computer Society},
    year      = {2015},
    url       = {https://doi.org/10.1109/SP.2015.15},
    doi       = {10.1109/SP.2015.15},
    timestamp = {Sun, 25 Oct 2020 22:57:11 +0100},
    biburl    = {https://dblp.org/rec/conf/sp/BiryukovP15.bib},
    bibsource = {dblp computer science bibliography, https://dblp.org}
}

@incollection{DBLP:books/sp/07/DiazP07,
    author    = {Claudia D{\'{\i}}az and
        Bart Preneel},
    editor    = {Milan Petkovic and
        Willem Jonker},
    title     = {Accountable Anonymous Communication},
    booktitle = {Security, Privacy, and Trust in Modern Data Management},
    series    = {Data-Centric Systems and Applications},
    pages     = {239--253},
    publisher = {Springer},
    year      = {2007},
    url       = {https://doi.org/10.1007/978-3-540-69861-6\_16},
    doi       = {10.1007/978-3-540-69861-6\_16},
    timestamp = {Tue, 16 May 2017 14:01:44 +0200},
    biburl    = {https://dblp.org/rec/books/sp/07/DiazP07.bib},
    bibsource = {dblp computer science bibliography, https://dblp.org}
}

@article{DBLP:journals/cacm/GoldschlagRS99,
    author    = {David M. Goldschlag and
        Michael G. Reed and
            Paul F. Syverson},
    title     = {Onion Routing},
    journal   = {Commun. {ACM}},
    volume    = {42},
    number    = {2},
    pages     = {39--41},
    year      = {1999},
    url       = {https://doi.org/10.1145/293411.293443},
    doi       = {10.1145/293411.293443},
    timestamp = {Tue, 06 Nov 2018 12:51:43 +0100},
    biburl    = {https://dblp.org/rec/journals/cacm/GoldschlagRS99.bib},
    bibsource = {dblp computer science bibliography, https://dblp.org}
}

@incollection{DBLP:series/ais/Chaum03,
    author    = {David Chaum},
    editor    = {Dimitris Gritzalis},
    title     = {Untraceable Electronic Mail, Return Addresses and Digital Pseudonyms},
    booktitle = {Secure Electronic Voting},
    series    = {Advances in Information Security},
    volume    = {7},
    pages     = {211--219},
    publisher = {Springer},
    year      = {2003},
    url       = {https://doi.org/10.1007/978-1-4615-0239-5\_14},
    doi       = {10.1007/978-1-4615-0239-5\_14},
    timestamp = {Tue, 16 May 2017 14:24:25 +0200},
    biburl    = {https://dblp.org/rec/series/ais/Chaum03.bib},
    bibsource = {dblp computer science bibliography, https://dblp.org}
}

@article{DBLP:journals/compsec/PfitzmannW87,
    author    = {Andreas Pfitzmann and
        Michael Waidner},
    title     = {Networks without user observability},
    journal   = {Comput. Secur.},
    volume    = {6},
    number    = {2},
    pages     = {158--166},
    year      = {1987},
    url       = {https://doi.org/10.1016/0167-4048(87)90087-3},
    doi       = {10.1016/0167-4048(87)90087-3},
    timestamp = {Thu, 20 Feb 2020 13:19:38 +0100},
    biburl    = {https://dblp.org/rec/journals/compsec/PfitzmannW87.bib},
    bibsource = {dblp computer science bibliography, https://dblp.org}
}

@article{DBLP:journals/tissec/ReiterR98,
    author    = {Michael K. Reiter and
        Aviel D. Rubin},
    title     = {Crowds: Anonymity for Web Transactions},
    journal   = {{ACM} Trans. Inf. Syst. Secur.},
    volume    = {1},
    number    = {1},
    pages     = {66--92},
    year      = {1998},
    url       = {https://doi.org/10.1145/290163.290168},
    doi       = {10.1145/290163.290168},
    timestamp = {Tue, 06 Nov 2018 12:50:47 +0100},
    biburl    = {https://dblp.org/rec/journals/tissec/ReiterR98.bib},
    bibsource = {dblp computer science bibliography, https://dblp.org}
}

@article{DBLP:journals/joc/Chaum88,
    author    = {David Chaum},
    title     = {The Dining Cryptographers Problem: Unconditional Sender and Recipient
        Untraceability},
    journal   = {J. Cryptol.},
    volume    = {1},
    number    = {1},
    pages     = {65--75},
    year      = {1988},
    url       = {https://doi.org/10.1007/BF00206326},
    doi       = {10.1007/BF00206326},
    timestamp = {Fri, 18 Sep 2020 11:17:32 +0200},
    biburl    = {https://dblp.org/rec/journals/joc/Chaum88.bib},
    bibsource = {dblp computer science bibliography, https://dblp.org}
}

@inproceedings{DBLP:conf/p2p/DeckerW13,
    author    = {Christian Decker and
        Roger Wattenhofer},
    title     = {Information propagation in the Bitcoin network},
    booktitle = {13th {IEEE} International Conference on Peer-to-Peer Computing, {IEEE}
        {P2P} 2013, Trento, Italy, September 9-11, 2013, Proceedings},
    pages     = {1--10},
    publisher = {{IEEE}},
    year      = {2013},
    url       = {https://doi.org/10.1109/P2P.2013.6688704},
    doi       = {10.1109/P2P.2013.6688704},
    timestamp = {Wed, 16 Oct 2019 14:14:52 +0200},
    biburl    = {https://dblp.org/rec/conf/p2p/DeckerW13.bib},
    bibsource = {dblp computer science bibliography, https://dblp.org}
}

@misc{garlic-nets,
    author = {Roger Dingledine},
    title = {{T}he {F}ree {H}aven {P}roject: {D}esign and {D}eployment of an {A}nonymous {S}ecure {D}ata {H}aven. {MIT} {M}aster's {T}hesis},
    month = {06},
    year = {2000},
    howpublished = {https://www.freehaven.net/papers.html}
}

@inproceedings{DBLP:conf/uss/DingledineMS04,
    author    = {Roger Dingledine and
        Nick Mathewson and
            Paul F. Syverson},
    editor    = {Matt Blaze},
    title     = {Tor: The Second-Generation Onion Router},
    booktitle = {Proceedings of the 13th {USENIX} Security Symposium, August 9-13,
        2004, San Diego, CA, {USA}},
    pages     = {303--320},
    publisher = {{USENIX}},
    year      = {2004},
    url       = {http://www.usenix.org/publications/library/proceedings/sec04/tech/dingledine.html},
    timestamp = {Wed, 04 Jul 2018 13:06:34 +0200},
    biburl    = {https://dblp.org/rec/conf/uss/DingledineMS04.bib},
    bibsource = {dblp computer science bibliography, https://dblp.org}
}
